%% This BibTeX bibliography file was created using BibDesk.
%% https://bibdesk.sourceforge.io/

%% Created for Brian Blais at 2023-01-14 20:46:26 -0500 


%% Saved with string encoding Unicode (UTF-8) 



@article{Jeffreys1991sharpening,
	author = {Jeffreys, William H and Berger, James O},
	date-added = {2023-01-14 20:46:15 -0500},
	date-modified = {2023-01-14 20:46:15 -0500},
	journal = {Dept. Statistics, Purdue Univ., West Lafayette, IN, Tech. Rep},
	title = {Sharpening Ockhams razor on a Bayesian strop},
	year = {1991},
	bdsk-file-1 = {YnBsaXN0MDDSAQIDBFxyZWxhdGl2ZVBhdGhZYWxpYXNEYXRhbxB2AC4ALgAvAC4ALgAvAC4ALgAvAC4ALgAvAC4ALgAvAEQAbwBjAHUAbQBlAG4AdABzAC8AQgBpAGIARABlAHMAawAgAEEAcgB0AGkAYwBsAGUAcwAvADEAOQA5ADEALQBKAGUAZgBmAGUAcgB5AHMALgBXADsAQgBlAHIAZwBlAHIALgBKAC0AUwBoAGEAcgBwAGUAbgBpAG4AZwAgAE8AYwBrAGgAYQBtAJIAcwAgAHIAYQB6AG8AcgAgAG8AbgAgAGEAIABCAGEAeQBlAHMAaQBhAG4AIABzAHQAcgBvAHAALQAuAC4AcABkAGZPEQJsAAAAAAJsAAIAAAxNYWNpbnRvc2ggSEQAAAAAAAAAAAAAAAAAAADfr02oQkQAAf////8fMTk5MS1KZWZmZXJ5cy5XO0JlI0ZGRkZGRkZGLnBkZgAAAAAAAAAAAAAAAAAAAAAAAAAAAAAAAAAAAAAAAAAA/////83XIaAAAAAAAAAAAAAFAAMAAAogY3UAAAAAAAAAAAAAAAAAEEJpYkRlc2sgQXJ0aWNsZXMAAgB3LzpVc2VyczpiYmxhaXM6RG9jdW1lbnRzOkJpYkRlc2sgQXJ0aWNsZXM6MTk5MS1KZWZmZXJ5cy5XO0Jlcmdlci5KLVNoYXJwZW5pbmcgT2NraGFtwpJzIHJhem9yIG9uIGEgQmF5ZXNpYW4gc3Ryb3AtLi5wZGYAAA4AmgBMADEAOQA5ADEALQBKAGUAZgBmAGUAcgB5AHMALgBXADsAQgBlAHIAZwBlAHIALgBKAC0AUwBoAGEAcgBwAGUAbgBpAG4AZwAgAE8AYwBrAGgAYQBtAJIAcwAgAHIAYQB6AG8AcgAgAG8AbgAgAGEAIABCAGEAeQBlAHMAaQBhAG4AIABzAHQAcgBvAHAALQAuAC4AcABkAGYADwAaAAwATQBhAGMAaQBuAHQAbwBzAGgAIABIAEQAEgB1VXNlcnMvYmJsYWlzL0RvY3VtZW50cy9CaWJEZXNrIEFydGljbGVzLzE5OTEtSmVmZmVyeXMuVztCZXJnZXIuSi1TaGFycGVuaW5nIE9ja2hhbcKScyByYXpvciBvbiBhIEJheWVzaWFuIHN0cm9wLS4ucGRmAAATAAEvAAAVAAIADf//AAAACAANABoAJAETAAAAAAAAAgEAAAAAAAAABQAAAAAAAAAAAAAAAAAAA4M=}}

@misc{CarrollCraig2014,
	author = {William Lane Craig and Sean Carroll},
	date-added = {2023-01-14 20:45:11 -0500},
	date-modified = {2023-01-14 20:45:11 -0500},
	day = 3,
	howpublished = {\url{https://youtu.be/X0qKZqPy9T8?t=2307}},
	month = {Mar},
	title = {William Lane Craig and Sean Carroll | "God and Cosmology" | 2014 Greer Heard Forum},
	year = 2014}

@article{craig2018scientific,
	author = {Craig, William Lane},
	date-added = {2023-01-14 20:45:11 -0500},
	date-modified = {2023-01-14 20:45:11 -0500},
	journal = {Lecture at Georgia Tech},
	title = {The Scientific Kalam Cosmological Argument},
	url = {https://www.reasonablefaith.org/writings/popular-writings/science-theology/the-scientific-kalam-cosmological-argument},
	year = {2018},
	bdsk-url-1 = {https://www.reasonablefaith.org/writings/popular-writings/science-theology/the-scientific-kalam-cosmological-argument}}

@misc{Blais2022_miracles,
	author = {Brian Blais},
	date-added = {2023-01-14 20:45:11 -0500},
	date-modified = {2023-01-14 20:45:11 -0500},
	month = {March},
	title = {A long discussion about miracles: Bad Apologetics Ep 20 - Miracles & even MORE even NEWER Resurrection evidence},
	url = {https://bblais.github.io/posts/2022/Mar/23/a-long-discussion-about-miracles/},
	year = {2022},
	bdsk-url-1 = {https://bblais.github.io/posts/2022/Mar/23/a-long-discussion-about-miracles/}}

@misc{Blais2021_bad_apologetics,
	author = {Brian Blais},
	date-added = {2023-01-14 20:45:11 -0500},
	date-modified = {2023-01-14 20:45:11 -0500},
	lastchecked = {2023},
	month = {August},
	title = {Bad Apologetics Ep 18 - Bayes Machine goes BRRRRRRRRR},
	url = {https://bblais.github.io/posts/2021/Aug/29/bad-apologetics-ep-18-bayes-machine-goes-brrrrrrrrr/},
	year = {2021},
	bdsk-url-1 = {https://bblais.github.io/posts/2021/Aug/29/bad-apologetics-ep-18-bayes-machine-goes-brrrrrrrrr/}}

@book{leslie1792short,
	author = {Leslie, Charles},
	date-added = {2023-01-14 20:45:11 -0500},
	date-modified = {2023-01-14 20:45:11 -0500},
	title = {A Short and Easy Method with the Deists},
	year = {1792}}

@book{fodor2022unreasonable,
	author = {Fodor, James},
	date-added = {2023-01-14 20:45:11 -0500},
	date-modified = {2023-01-14 20:45:11 -0500},
	publisher = {Ockham Publishing Group},
	title = {Unreasonable Faith: How William Lane Craig Overstates the Case for Christianity},
	year = {2022}}

@misc{wiki_conjunction_fallacy:2023aa,
	date-added = {2023-01-14 20:45:11 -0500},
	date-modified = {2023-01-14 20:45:11 -0500},
	journal = {Wikipedia},
	month = {Jan},
	publisher = {Wikimedia Foundation},
	title = {Conjunction fallacy},
	url = {https://en.wikipedia.org/wiki/Conjunction_fallacy},
	year = {2023},
	bdsk-url-1 = {https://en.wikipedia.org/wiki/Conjunction_fallacy}}

@url{fivecrowns2023,
	apple-mobile-web-app-capable = {yes},
	apple-mobile-web-app-title = {BGG},
	date-added = {2023-01-14 20:45:11 -0500},
	date-modified = {2023-01-14 20:45:11 -0500},
	description = {Send everyone scrambling as you go out first in this 5-suit Rummy-like game!},
	keywords = {board game, boardgames, boardgame, board, games, game, hobby, boardgamegeek, geek, geekdo},
	theme-color = {#2e2b47},
	title = {Five Crowns},
	twitter:card = {summary_large_image},
	twitter:description = {Send everyone scrambling as you go out first in this 5-suit Rummy-like game!},
	twitter:image:src = {https://cf.geekdo-images.com/sPc6K1gC--QrGHkdCmD8MQ__opengraph/img/6dTmygdWc21BJZ0qO3ZqmSe3xO8=/fit-in/1200x630/filters:strip_icc()/pic2869930.jpg},
	twitter:title = {Five Crowns},
	url = {https://boardgamegeek.com/boardgame/1472/five-crowns},
	viewport = {width=device-width, initial-scale=1.0},
	bdsk-url-1 = {https://boardgamegeek.com/boardgame/1472/five-crowns}}

@incollection{sep-aristotle-logic,
	author = {Smith, Robin},
	booktitle = {The {Stanford} Encyclopedia of Philosophy},
	date-added = {2023-01-14 20:45:11 -0500},
	date-modified = {2023-01-14 20:45:11 -0500},
	edition = {{W}inter 2022},
	editor = {Edward N. Zalta and Uri Nodelman},
	howpublished = {\url{https://plato.stanford.edu/archives/win2022/entries/aristotle-logic/}},
	publisher = {Metaphysics Research Lab, Stanford University},
	title = {{Aristotle's Logic}},
	year = {2022}}

@url{Ferguson2013,
	author = {Matthew Ferguson},
	date-added = {2019-04-08 14:07:56 -0400},
	date-modified = {2019-04-08 14:10:02 -0400},
	month = {June},
	title = {Knocking Out the Pillars of the ''Minimal Facts'' Apologetic},
	url = {https://celsus.blog/2013/06/29/knocking-out-the-pillars-of-the-minimal-facts-apologetic/},
	year = {2017},
	bdsk-url-1 = {https://celsus.blog/2013/06/29/knocking-out-the-pillars-of-the-minimal-facts-apologetic/}}

@book{habermas2004case,
	author = {Habermas, Gary R and Licona, Michael R and others},
	date-added = {2019-04-08 14:00:09 -0400},
	date-modified = {2019-04-08 14:00:09 -0400},
	publisher = {Kregel Publications},
	title = {The case for the resurrection of Jesus},
	year = {2004}}

@article{mcgrew2010miracles,
	author = {McGrew, Timothy},
	date-added = {2019-04-08 08:01:49 -0400},
	date-modified = {2019-04-08 08:01:49 -0400},
	title = {Miracles},
	year = {2010}}

@article{mcgrew2009argument,
	author = {McGrew, Timothy and McGrew, Lydia},
	date-added = {2019-04-08 08:01:12 -0400},
	date-modified = {2019-04-08 08:01:12 -0400},
	journal = {The Blackwell companion to natural theology},
	pages = {593--662},
	publisher = {Wiley Online Library},
	title = {The argument from miracles: A cumulative case for the resurrection of Jesus of Nazareth},
	year = {2009},
	bdsk-file-1 = {YnBsaXN0MDDSAQIDBFxyZWxhdGl2ZVBhdGhZYWxpYXNEYXRhXxCeLi4vLi4vLi4vLi4vLi4vRG9jdW1lbnRzL0JpYkRlc2sgQXJ0aWNsZXMvMjAwOS1NY0dyZXcuVDtNY0dyZXcuTC1UaGUgYXJndW1lbnQgZnJvbSBtaXJhY2xlcyBBIGN1bXVsYXRpdmUgY2FzZSBmb3IgdGhlIHJlc3VycmVjdGlvbiBvZiBKZXN1cyBvZiBOYXphcmV0aC1hLS5wZGZPEQMIAAAAAAMIAAIAAAxNYWNpbnRvc2ggSEQAAAAAAAAAAAAAAAAAAADfr02oQkQAAf////8fMjAwOS1NY0dyZXcuVDtNY0dyI0ZGRkZGRkZGLnBkZgAAAAAAAAAAAAAAAAAAAAAAAAAAAAAAAAAAAAAAAAAA/////9jQsOIAAAAAAAAAAAAFAAMAAAogY3UAAAAAAAAAAAAAAAAAEEJpYkRlc2sgQXJ0aWNsZXMAAgCeLzpVc2VyczpiYmxhaXM6RG9jdW1lbnRzOkJpYkRlc2sgQXJ0aWNsZXM6MjAwOS1NY0dyZXcuVDtNY0dyZXcuTC1UaGUgYXJndW1lbnQgZnJvbSBtaXJhY2xlcyBBIGN1bXVsYXRpdmUgY2FzZSBmb3IgdGhlIHJlc3VycmVjdGlvbiBvZiBKZXN1cyBvZiBOYXphcmV0aC1hLS5wZGYADgDqAHQAMgAwADAAOQAtAE0AYwBHAHIAZQB3AC4AVAA7AE0AYwBHAHIAZQB3AC4ATAAtAFQAaABlACAAYQByAGcAdQBtAGUAbgB0ACAAZgByAG8AbQAgAG0AaQByAGEAYwBsAGUAcwAgAEEAIABjAHUAbQB1AGwAYQB0AGkAdgBlACAAYwBhAHMAZQAgAGYAbwByACAAdABoAGUAIAByAGUAcwB1AHIAcgBlAGMAdABpAG8AbgAgAG8AZgAgAEoAZQBzAHUAcwAgAG8AZgAgAE4AYQB6AGEAcgBlAHQAaAAtAGEALQAuAHAAZABmAA8AGgAMAE0AYQBjAGkAbgB0AG8AcwBoACAASABEABIAnFVzZXJzL2JibGFpcy9Eb2N1bWVudHMvQmliRGVzayBBcnRpY2xlcy8yMDA5LU1jR3Jldy5UO01jR3Jldy5MLVRoZSBhcmd1bWVudCBmcm9tIG1pcmFjbGVzIEEgY3VtdWxhdGl2ZSBjYXNlIGZvciB0aGUgcmVzdXJyZWN0aW9uIG9mIEplc3VzIG9mIE5hemFyZXRoLWEtLnBkZgATAAEvAAAVAAIADf//AAAACAANABoAJADFAAAAAAAAAgEAAAAAAAAABQAAAAAAAAAAAAAAAAAAA9E=}}

@book{wallace2015god,
	author = {Wallace, J Warner},
	date-added = {2019-04-02 10:32:41 -0400},
	date-modified = {2019-04-02 10:32:41 -0400},
	publisher = {David C Cook},
	title = {God's Crime Scene: A Cold-case Detective Examines the Evidence for a Divinely Created Universe},
	year = {2015}}

@book{rees2008just,
	author = {Rees, Martin},
	date-added = {2019-04-02 10:08:22 -0400},
	date-modified = {2019-04-02 10:08:22 -0400},
	publisher = {Basic Books},
	title = {Just six numbers: The deep forces that shape the universe},
	year = {2008}}

@article{craig2018teleological,
	author = {Craig, William Lane},
	date-added = {2019-04-02 06:46:43 -0400},
	date-modified = {2019-04-02 06:46:43 -0400},
	journal = {The Logic of Rational Theism},
	title = {The teleological argument and the anthropic principle},
	year = {2018}}

@misc{swinburne1979kalam,
	author = {Swinburne, Richard and Craig, William},
	date-added = {2019-04-02 06:17:39 -0400},
	date-modified = {2019-04-02 06:17:39 -0400},
	publisher = {Macmillan},
	title = {The Kalam Cosmological Argument},
	year = {1979}}

@article{law2010evil,
	author = {Law, Stephen},
	date-added = {2019-04-02 06:16:18 -0400},
	date-modified = {2019-04-02 06:16:18 -0400},
	journal = {Religious Studies},
	number = {3},
	pages = {353--373},
	publisher = {Cambridge University Press},
	title = {The evil-god challenge},
	volume = {46},
	year = {2010}}

@incollection{sep-miracles,
	author = {McGrew, Timothy},
	booktitle = {The Stanford Encyclopedia of Philosophy},
	date-added = {2015-06-09 16:12:28 +0000},
	date-modified = {2015-06-09 16:12:28 +0000},
	edition = {Winter 2014},
	editor = {Edward N. Zalta},
	howpublished = {\url{http://plato.stanford.edu/archives/win2014/entries/miracles/}},
	title = {Miracles},
	year = {2014},
	bdsk-file-1 = {YnBsaXN0MDDSAQIDBFxyZWxhdGl2ZVBhdGhZYWxpYXNEYXRhXxBHLi4vLi4vLi4vLi4vLi4vRG9jdW1lbnRzL0JpYkRlc2sgQXJ0aWNsZXMvMjAxNC1NY0dyZXcuVC1NaXJhY2xlcy1hLS5wZGZPEQGuAAAAAAGuAAIAAAxNYWNpbnRvc2ggSEQAAAAAAAAAAAAAAAAAAADfr02oQkQAAf////8dMjAxNC1NY0dyZXcuVC1NaXJhY2xlcy1hLS5wZGYAAAAAAAAAAAAAAAAAAAAAAAAAAAAAAAAAAAAAAAAAAAAA/////9jQsNgAAAAAAAAAAAAFAAMAAAogY3UAAAAAAAAAAAAAAAAAEEJpYkRlc2sgQXJ0aWNsZXMAAgBHLzpVc2VyczpiYmxhaXM6RG9jdW1lbnRzOkJpYkRlc2sgQXJ0aWNsZXM6MjAxNC1NY0dyZXcuVC1NaXJhY2xlcy1hLS5wZGYAAA4APAAdADIAMAAxADQALQBNAGMARwByAGUAdwAuAFQALQBNAGkAcgBhAGMAbABlAHMALQBhAC0ALgBwAGQAZgAPABoADABNAGEAYwBpAG4AdABvAHMAaAAgAEgARAASAEVVc2Vycy9iYmxhaXMvRG9jdW1lbnRzL0JpYkRlc2sgQXJ0aWNsZXMvMjAxNC1NY0dyZXcuVC1NaXJhY2xlcy1hLS5wZGYAABMAAS8AABUAAgAN//8AAAAIAA0AGgAkAG4AAAAAAAACAQAAAAAAAAAFAAAAAAAAAAAAAAAAAAACIA==}}

@misc{Brierley:2008ab,
	author = {Justin Brierley},
	date-added = {2015-06-09 15:57:21 +0000},
	date-modified = {2015-06-09 15:58:54 +0000},
	day = {9},
	full-url = {http://ez.premierchristianradio.com/radio/Shows/Saturday/Unbelievable/Episodes/Unbelievable-9-Aug-2008-Norman-Geisler-American-Masters-of-Apologetics-pt-4},
	howpublished = {Podcast},
	month = {August},
	read = {0},
	title = {Norman Geisler - American Masters of Apologetics},
	url = {http://tinyurl.com/o8smewu},
	year = {2008},
	bdsk-url-1 = {http://tinyurl.com/ogurmpm},
	bdsk-url-2 = {http://tinyurl.com/o8smewu}}

@url{Bannister:aa,
	author = {Andy Bannister},
	date-added = {2015-06-09 15:48:56 +0000},
	date-modified = {2015-06-09 15:48:56 +0000},
	lastchecked = {Jan 14, 2015},
	title = {The Resurrection of Jesus - A harmony of the resurrection accounts},
	url = {http://www.answering-islam.org/Andy/Resurrection/harmony.html},
	bdsk-url-1 = {http://www.answering-islam.org/Andy/Resurrection/harmony.html}}

@inbook{Barker:1992aa,
	author = {Barker, Dan and Barker, Dan},
	chapter = {Chapter 24. Leave No Stone Unturned: An Easter Challenge For Christians},
	date-added = {2015-06-09 15:48:48 +0000},
	date-modified = {2015-06-09 15:48:48 +0000},
	publisher = {FFRF, Incorporated},
	title = {Losing faith in faith: From Preacher to Atheist},
	url = {http://ffrf.org/legacy/books/lfif/?t=stone},
	year = {1992},
	bdsk-url-1 = {http://ffrf.org/legacy/books/lfif/?t=stone}}

@misc{Wikipedia:2015ac,
	annote = {"[Online; accessed 01-Oct-2013]},
	author = {Wikipedia},
	date-added = {2015-06-09 15:23:50 +0000},
	date-modified = {2015-06-09 15:23:50 +0000},
	title = {Pascal's {W}ager --- {W}ikipedia{,} The Free Encyclopedia},
	url = {http://en.wikipedia.org/wiki/Pascal\%27s_Wager},
	year = {2015},
	bdsk-url-1 = {http://en.wikipedia.org/wiki/Receptive_field},
	bdsk-url-2 = {http://en.wikipedia.org/wiki/Pascal%5C%27s_Wager}}

@book{geisler2004don,
	author = {Geisler, Norman L and Turek, Frank},
	date-added = {2015-06-09 15:20:27 +0000},
	date-modified = {2015-06-09 15:20:27 +0000},
	publisher = {Crossway},
	title = {I Don't Have Enough Faith to Be an Atheist},
	year = {2004}}

@url{Dawkins:aa,
	author = {Richard Dawkins and Alister McGrath},
	date-added = {2015-06-09 15:20:16 +0000},
	date-modified = {2015-06-09 15:20:16 +0000},
	title = {Richard {D}awkins vs {A}lister {M}c{G}rath},
	url = {https://www.youtube.com/watch?v=vt95KHe6hUU},
	urldate = {Mar 18, 2013},
	bdsk-url-1 = {https://www.youtube.com/watch?v=vt95KHe6hUU}}

@article{davies2007taking,
	author = {Davies, Paul and Tempe, Ariz},
	date-added = {2015-06-09 15:20:05 +0000},
	date-modified = {2015-06-09 15:20:05 +0000},
	journal = {New York Times},
	title = {Taking science on faith},
	year = {2007}}

@conference{Miller:2009aa,
	author = {Kenneth Miller},
	booktitle = {{J}ames {G}regory public lectures on science and religion},
	date-added = {2015-06-09 15:19:56 +0000},
	date-modified = {2015-06-09 15:19:56 +0000},
	title = {Life: {C}reation or {E}volution?},
	url = {https://www.youtube.com/watch?v=Sf9do_KDGh8},
	year = {2009},
	bdsk-url-1 = {https://www.youtube.com/watch?v=Sf9do_KDGh8}}

@url{Spear:2013aa,
	author = {Rich Spear},
	date-added = {2015-06-09 15:19:43 +0000},
	date-modified = {2015-06-09 15:19:43 +0000},
	title = {Reason Blog - Isn't Faith Blind?},
	url = {https://www.youtube.com/watch?v=UH8np-WBa_o},
	urldate = {October 23},
	year = {2013},
	bdsk-url-1 = {https://www.youtube.com/watch?v=UH8np-WBa_o}}

@book{jordaan2005decisions,
	author = {Jordaan, Ian},
	date-added = {2015-06-09 15:19:31 +0000},
	date-modified = {2015-06-09 15:19:31 +0000},
	publisher = {Cambridge University Press},
	title = {Decisions under uncertainty: probabilistic analysis for engineering decisions},
	year = {2005}}

@misc{Wikipedia:2015aa,
	annote = {"[Online; accessed 01-Oct-2013]},
	author = {Wikipedia},
	date-added = {2015-06-09 15:19:16 +0000},
	date-modified = {2015-06-09 15:19:16 +0000},
	title = {Decision Theory --- {W}ikipedia{,} The Free Encyclopedia},
	url = {http://en.wikipedia.org/wiki/Decision_theory},
	year = {2015},
	bdsk-url-1 = {http://en.wikipedia.org/wiki/Receptive_field},
	bdsk-url-2 = {http://en.wikipedia.org/wiki/Decision_theory}}

@misc{Brierley:2014aa,
	author = {Justin Brierley},
	date-added = {2015-06-09 15:19:06 +0000},
	date-modified = {2015-06-09 15:19:06 +0000},
	day = {24},
	full-url = {http://www.premierchristianradio.com/Shows/Saturday/Unbelievable/Episodes/Peter-Boghossian-vs-Tim-McGrew-A-manual-for-creating-atheists},
	howpublished = {Podcast},
	month = {May},
	read = {0},
	title = {{P}eter {B}oghossian vs {T}im {M}c{G}rew - A manual for creating atheists},
	url = {http://tinyurl.com/ogurmpm},
	year = {2014},
	bdsk-url-1 = {http://tinyurl.com/ogurmpm}}

@misc{MerriamWebster2009,
	author = {{Merriam-Webster Online}},
	date-added = {2015-06-09 15:18:52 +0000},
	date-modified = {2015-06-09 15:18:52 +0000},
	keywords = {faith},
	title = {{Merriam-Webster Online Dictionary}},
	url = {http://www.merriam-webster.com},
	year = 2009,
	bdsk-url-1 = {http://www.merriam-webster.com}}

@misc{Wikipedia:2015ab,
	annote = {"[Online; accessed 01-Oct-2013]},
	author = {Wikipedia},
	date-added = {2015-06-09 15:12:24 +0000},
	date-modified = {2015-06-09 15:12:24 +0000},
	title = {Rule of Succession --- {W}ikipedia{,} The Free Encyclopedia},
	url = {http://en.wikipedia.org/wiki/Rule_of_succession},
	year = {2015},
	bdsk-url-1 = {http://en.wikipedia.org/wiki/Receptive_field},
	bdsk-url-2 = {http://en.wikipedia.org/wiki/Rule_of_succession}}

@book{Hume:1748aa,
	author = {David Hume},
	date-added = {2015-06-09 14:59:40 +0000},
	date-modified = {2015-06-09 14:59:40 +0000},
	note = {Chapter on Cause Effect},
	title = {Philosophical {E}ssays {C}oncerning {H}uman {U}nderstanding},
	year = {1748}}

@misc{Brierley:2014ab,
	author = {Justin Brierley},
	date-added = {2015-06-09 14:59:24 +0000},
	date-modified = {2015-06-09 14:59:24 +0000},
	day = {30},
	full-url = {http://www.premierchristianradio.com/Shows/Saturday/Unbelievable/Episodes/Unbelievable-Is-our-universe-more-likely-on-atheism-or-theism-Calum-Miller-vs-James-Croft},
	howpublished = {Podcast},
	month = {August},
	read = {0},
	title = {Is our universe more likely on atheism or theism? {C}alum {M}iller vs {J}ames {C}roft},
	url = {http://tinyurl.com/nxbqoxm},
	year = {2014},
	bdsk-url-1 = {http://tinyurl.com/ogurmpm},
	bdsk-url-2 = {http://tinyurl.com/nxbqoxm}}

@book{sagandemon,
	author = {Sagan, Carl},
	date-added = {2015-06-09 14:18:12 +0000},
	date-modified = {2015-06-09 14:18:12 +0000},
	publisher = {Random House LLC},
	title = {Demon-Haunted World: Science as a Candle in the Dark},
	year = {1996}}

@article{gould1981evolution,
	author = {Gould, Stephen Jay},
	date-added = {2015-06-09 14:18:02 +0000},
	date-modified = {2015-06-09 14:18:02 +0000},
	journal = {Discover},
	number = {5},
	pages = {34--37},
	title = {Evolution as fact and theory},
	volume = {2},
	year = {1981}}

@article{fine2003plato,
	author = {Fine, Gail},
	date-added = {2015-06-09 14:17:53 +0000},
	date-modified = {2015-06-09 14:17:53 +0000},
	title = {Plato on knowledge and forms: selected essays},
	year = {2003}}

@book{Blais:2014aa,
	address = {http://tinyurl.com/sie-bblais},
	author = {B.S. Blais},
	date-added = {2015-06-09 14:17:30 +0000},
	date-modified = {2015-06-09 14:17:30 +0000},
	publisher = {printed by Createspace},
	title = {Statistical Inference for Everyone},
	year = {2014}}

@book{laplace1825philosophical,
	author = {Laplace, Pierre-Simon},
	date-added = {2015-06-09 14:17:18 +0000},
	date-modified = {2015-06-09 14:17:18 +0000},
	keywords = {bayes},
	publisher = {Dover Publications},
	title = {Philosophical essay on probabilities},
	year = {1814 English Edition 1951},
	bdsk-file-1 = {YnBsaXN0MDDSAQIDBFxyZWxhdGl2ZVBhdGhZYWxpYXNEYXRhXxBqLi4vLi4vLi4vLi4vLi4vRG9jdW1lbnRzL0JpYkRlc2sgQXJ0aWNsZXMvMTk5OC1MYXBsYWNlLlA7RGFsZS5BLVBoaWxvc29waGljYWwgZXNzYXkgb24gcHJvYmFiaWxpdGllcy0uLnBkZk8RAjgAAAAAAjgAAgAADE1hY2ludG9zaCBIRAAAAAAAAAAAAAAAAAAAAN+vTahCRAAB/////x8xOTk4LUxhcGxhY2UuUDtEYWwjRkZGRkZGRkYucGRmAAAAAAAAAAAAAAAAAAAAAAAAAAAAAAAAAAAAAAAAAAD/////y2MOLQAAAAAAAAAAAAUAAwAACiBjdQAAAAAAAAAAAAAAAAAQQmliRGVzayBBcnRpY2xlcwACAGovOlVzZXJzOmJibGFpczpEb2N1bWVudHM6QmliRGVzayBBcnRpY2xlczoxOTk4LUxhcGxhY2UuUDtEYWxlLkEtUGhpbG9zb3BoaWNhbCBlc3NheSBvbiBwcm9iYWJpbGl0aWVzLS4ucGRmAA4AggBAADEAOQA5ADgALQBMAGEAcABsAGEAYwBlAC4AUAA7AEQAYQBsAGUALgBBAC0AUABoAGkAbABvAHMAbwBwAGgAaQBjAGEAbAAgAGUAcwBzAGEAeQAgAG8AbgAgAHAAcgBvAGIAYQBiAGkAbABpAHQAaQBlAHMALQAuAC4AcABkAGYADwAaAAwATQBhAGMAaQBuAHQAbwBzAGgAIABIAEQAEgBoVXNlcnMvYmJsYWlzL0RvY3VtZW50cy9CaWJEZXNrIEFydGljbGVzLzE5OTgtTGFwbGFjZS5QO0RhbGUuQS1QaGlsb3NvcGhpY2FsIGVzc2F5IG9uIHByb2JhYmlsaXRpZXMtLi5wZGYAEwABLwAAFQACAA3//wAAAAgADQAaACQAkQAAAAAAAAIBAAAAAAAAAAUAAAAAAAAAAAAAAAAAAALN}}

@book{Jaynes2003,
	address = {Cambridge},
	author = {E. T. Jaynes},
	date-added = {2015-06-09 13:36:31 +0000},
	date-modified = {2015-06-09 13:36:31 +0000},
	note = {Edited by G.~Larry Bretthorst},
	publisher = {Cambridge University Press},
	title = {Probability Theory: The Logic of Science},
	year = 2003,
	bdsk-file-1 = {YnBsaXN0MDDSAQIDBFxyZWxhdGl2ZVBhdGhZYWxpYXNEYXRhXxBlLi4vLi4vLi4vLi4vLi4vRG9jdW1lbnRzL0JpYkRlc2sgQXJ0aWNsZXMvMjAwMy1KYXluZXMuRS1Qcm9iYWJpbGl0eSBUaGVvcnkgVGhlIExvZ2ljIG9mIFNjaWVuY2UtLi5wZGZPEQImAAAAAAImAAIAAAxNYWNpbnRvc2ggSEQAAAAAAAAAAAAAAAAAAADfr02oQkQAAf////8fMjAwMy1KYXluZXMuRS1Qcm9iI0ZGRkZGRkZGLnBkZgAAAAAAAAAAAAAAAAAAAAAAAAAAAAAAAAAAAAAAAAAA/////8ke4kEAAAAAAAAAAAAFAAMAAAogY3UAAAAAAAAAAAAAAAAAEEJpYkRlc2sgQXJ0aWNsZXMAAgBlLzpVc2VyczpiYmxhaXM6RG9jdW1lbnRzOkJpYkRlc2sgQXJ0aWNsZXM6MjAwMy1KYXluZXMuRS1Qcm9iYWJpbGl0eSBUaGVvcnkgVGhlIExvZ2ljIG9mIFNjaWVuY2UtLi5wZGYAAA4AeAA7ADIAMAAwADMALQBKAGEAeQBuAGUAcwAuAEUALQBQAHIAbwBiAGEAYgBpAGwAaQB0AHkAIABUAGgAZQBvAHIAeQAgAFQAaABlACAATABvAGcAaQBjACAAbwBmACAAUwBjAGkAZQBuAGMAZQAtAC4ALgBwAGQAZgAPABoADABNAGEAYwBpAG4AdABvAHMAaAAgAEgARAASAGNVc2Vycy9iYmxhaXMvRG9jdW1lbnRzL0JpYkRlc2sgQXJ0aWNsZXMvMjAwMy1KYXluZXMuRS1Qcm9iYWJpbGl0eSBUaGVvcnkgVGhlIExvZ2ljIG9mIFNjaWVuY2UtLi5wZGYAABMAAS8AABUAAgAN//8AAAAIAA0AGgAkAIwAAAAAAAACAQAAAAAAAAAFAAAAAAAAAAAAAAAAAAACtg==}}

@article{howard2013propositional,
	author = {Howard-Snyder, Daniel},
	date-added = {2015-06-09 13:36:09 +0000},
	date-modified = {2015-06-09 13:36:09 +0000},
	title = {Propositional faith: What it is and what it is not},
	year = {2013},
	bdsk-file-1 = {YnBsaXN0MDDSAQIDBFxyZWxhdGl2ZVBhdGhZYWxpYXNEYXRhXxB3Li4vLi4vLi4vLi4vLi4vRG9jdW1lbnRzL0JpYkRlc2sgQXJ0aWNsZXMvMjAxMy1Ib3dhcmQtU255ZGVyLkQtUHJvcG9zaXRpb25hbCBmYWl0aCBXaGF0IGl0IGlzIGFuZCB3aGF0IGl0IGlzIG5vdC1hLS5wZGZPEQJuAAAAAAJuAAIAAAxNYWNpbnRvc2ggSEQAAAAAAAAAAAAAAAAAAADfr02oQkQAAf////8fMjAxMy1Ib3dhcmQtU255ZGVyI0ZGRkZGRkZGLnBkZgAAAAAAAAAAAAAAAAAAAAAAAAAAAAAAAAAAAAAAAAAA/////9DZhXUAAAAAAAAAAAAFAAMAAAogY3UAAAAAAAAAAAAAAAAAEEJpYkRlc2sgQXJ0aWNsZXMAAgB3LzpVc2VyczpiYmxhaXM6RG9jdW1lbnRzOkJpYkRlc2sgQXJ0aWNsZXM6MjAxMy1Ib3dhcmQtU255ZGVyLkQtUHJvcG9zaXRpb25hbCBmYWl0aCBXaGF0IGl0IGlzIGFuZCB3aGF0IGl0IGlzIG5vdC1hLS5wZGYAAA4AnABNADIAMAAxADMALQBIAG8AdwBhAHIAZAAtAFMAbgB5AGQAZQByAC4ARAAtAFAAcgBvAHAAbwBzAGkAdABpAG8AbgBhAGwAIABmAGEAaQB0AGgAIABXAGgAYQB0ACAAaQB0ACAAaQBzACAAYQBuAGQAIAB3AGgAYQB0ACAAaQB0ACAAaQBzACAAbgBvAHQALQBhAC0ALgBwAGQAZgAPABoADABNAGEAYwBpAG4AdABvAHMAaAAgAEgARAASAHVVc2Vycy9iYmxhaXMvRG9jdW1lbnRzL0JpYkRlc2sgQXJ0aWNsZXMvMjAxMy1Ib3dhcmQtU255ZGVyLkQtUHJvcG9zaXRpb25hbCBmYWl0aCBXaGF0IGl0IGlzIGFuZCB3aGF0IGl0IGlzIG5vdC1hLS5wZGYAABMAAS8AABUAAgAN//8AAAAIAA0AGgAkAJ4AAAAAAAACAQAAAAAAAAAFAAAAAAAAAAAAAAAAAAADEA==}}

@article{swinburne2003resurrection,
	author = {Swinburne, Richard},
	date-added = {2015-06-09 13:35:42 +0000},
	date-modified = {2015-06-09 13:35:42 +0000},
	title = {The resurrection of God incarnate},
	year = {2003},
	bdsk-file-1 = {YnBsaXN0MDDSAQIDBFxyZWxhdGl2ZVBhdGhZYWxpYXNEYXRhXxBjLi4vLi4vLi4vLi4vLi4vRG9jdW1lbnRzL0JpYkRlc2sgQXJ0aWNsZXMvMjAwMy1Td2luYnVybmUuUi1UaGUgcmVzdXJyZWN0aW9uIG9mIEdvZCBpbmNhcm5hdGUtYS0ucGRmTxECHgAAAAACHgACAAAMTWFjaW50b3NoIEhEAAAAAAAAAAAAAAAAAAAA369NqEJEAAH/////HzIwMDMtU3dpbmJ1cm5lLlItVCNGRkZGRkZGRi5wZGYAAAAAAAAAAAAAAAAAAAAAAAAAAAAAAAAAAAAAAAAAAP/////Q2YXLAAAAAAAAAAAABQADAAAKIGN1AAAAAAAAAAAAAAAAABBCaWJEZXNrIEFydGljbGVzAAIAYy86VXNlcnM6YmJsYWlzOkRvY3VtZW50czpCaWJEZXNrIEFydGljbGVzOjIwMDMtU3dpbmJ1cm5lLlItVGhlIHJlc3VycmVjdGlvbiBvZiBHb2QgaW5jYXJuYXRlLWEtLnBkZgAADgB0ADkAMgAwADAAMwAtAFMAdwBpAG4AYgB1AHIAbgBlAC4AUgAtAFQAaABlACAAcgBlAHMAdQByAHIAZQBjAHQAaQBvAG4AIABvAGYAIABHAG8AZAAgAGkAbgBjAGEAcgBuAGEAdABlAC0AYQAtAC4AcABkAGYADwAaAAwATQBhAGMAaQBuAHQAbwBzAGgAIABIAEQAEgBhVXNlcnMvYmJsYWlzL0RvY3VtZW50cy9CaWJEZXNrIEFydGljbGVzLzIwMDMtU3dpbmJ1cm5lLlItVGhlIHJlc3VycmVjdGlvbiBvZiBHb2QgaW5jYXJuYXRlLWEtLnBkZgAAEwABLwAAFQACAA3//wAAAAgADQAaACQAigAAAAAAAAIBAAAAAAAAAAUAAAAAAAAAAAAAAAAAAAKs}}

@book{swinburne2004existence,
	author = {Swinburne, R.},
	date-added = {2015-06-09 13:35:42 +0000},
	date-modified = {2015-06-09 13:35:42 +0000},
	isbn = {9780199271672},
	lccn = {2004555474},
	publisher = {Clarendon Press},
	title = {The Existence of God},
	url = {http://books.google.com/books?id=qL-GWmeSXCQC},
	year = {2004},
	bdsk-file-1 = {YnBsaXN0MDDSAQIDBFxyZWxhdGl2ZVBhdGhZYWxpYXNEYXRhXxBVLi4vLi4vLi4vLi4vLi4vRG9jdW1lbnRzL0JpYkRlc2sgQXJ0aWNsZXMvMjAwNC1Td2luYnVybmUuUi1UaGUgRXhpc3RlbmNlIG9mIEdvZC0uLnBkZk8RAeYAAAAAAeYAAgAADE1hY2ludG9zaCBIRAAAAAAAAAAAAAAAAAAAAN+vTahCRAAB/////x8yMDA0LVN3aW5idXJuZS5SLVQjRkZGRkZGRkYucGRmAAAAAAAAAAAAAAAAAAAAAAAAAAAAAAAAAAAAAAAAAAD/////zFr4jgAAAAAAAAAAAAUAAwAACiBjdQAAAAAAAAAAAAAAAAAQQmliRGVzayBBcnRpY2xlcwACAFUvOlVzZXJzOmJibGFpczpEb2N1bWVudHM6QmliRGVzayBBcnRpY2xlczoyMDA0LVN3aW5idXJuZS5SLVRoZSBFeGlzdGVuY2Ugb2YgR29kLS4ucGRmAAAOAFgAKwAyADAAMAA0AC0AUwB3AGkAbgBiAHUAcgBuAGUALgBSAC0AVABoAGUAIABFAHgAaQBzAHQAZQBuAGMAZQAgAG8AZgAgAEcAbwBkAC0ALgAuAHAAZABmAA8AGgAMAE0AYQBjAGkAbgB0AG8AcwBoACAASABEABIAU1VzZXJzL2JibGFpcy9Eb2N1bWVudHMvQmliRGVzayBBcnRpY2xlcy8yMDA0LVN3aW5idXJuZS5SLVRoZSBFeGlzdGVuY2Ugb2YgR29kLS4ucGRmAAATAAEvAAAVAAIADf//AAAACAANABoAJAB8AAAAAAAAAgEAAAAAAAAABQAAAAAAAAAAAAAAAAAAAmY=},
	bdsk-url-1 = {http://books.google.com/books?id=qL-GWmeSXCQC}}
