%% This BibTeX bibliography file was created using BibDesk.
%% http://bibdesk.sourceforge.net/

%% Created for Brian Blais at 2015-06-09 12:12:37 -0400 


%% Saved with string encoding Unicode (UTF-8) 



@incollection{sep-miracles,
	Author = {McGrew, Timothy},
	Booktitle = {The Stanford Encyclopedia of Philosophy},
	Date-Added = {2015-06-09 16:12:28 +0000},
	Date-Modified = {2015-06-09 16:12:28 +0000},
	Edition = {Winter 2014},
	Editor = {Edward N. Zalta},
	Howpublished = {\url{http://plato.stanford.edu/archives/win2014/entries/miracles/}},
	Title = {Miracles},
	Year = {2014}}

@misc{Brierley:2008ab,
	Author = {Justin Brierley},
	Date-Added = {2015-06-09 15:57:21 +0000},
	Date-Modified = {2015-06-09 15:58:54 +0000},
	Day = {9},
	Full-Url = {http://ez.premierchristianradio.com/radio/Shows/Saturday/Unbelievable/Episodes/Unbelievable-9-Aug-2008-Norman-Geisler-American-Masters-of-Apologetics-pt-4},
	Howpublished = {Podcast},
	Month = {August},
	Read = {0},
	Title = {Norman Geisler - American Masters of Apologetics},
	Url = {http://tinyurl.com/o8smewu},
	Year = {2008},
	Bdsk-Url-1 = {http://tinyurl.com/ogurmpm}}

@url{Bannister:aa,
	Author = {Andy Bannister},
	Date-Added = {2015-06-09 15:48:56 +0000},
	Date-Modified = {2015-06-09 15:48:56 +0000},
	Lastchecked = {Jan 14, 2015},
	Title = {The Resurrection of Jesus - A harmony of the resurrection accounts},
	Url = {http://www.answering-islam.org/Andy/Resurrection/harmony.html},
	Bdsk-Url-1 = {http://www.answering-islam.org/Andy/Resurrection/harmony.html}}

@inbook{Barker:1992aa,
	Author = {Barker, Dan and Barker, Dan},
	Chapter = {Chapter 24. Leave No Stone Unturned: An Easter Challenge For Christians},
	Date-Added = {2015-06-09 15:48:48 +0000},
	Date-Modified = {2015-06-09 15:48:48 +0000},
	Publisher = {FFRF, Incorporated},
	Title = {Losing faith in faith: From Preacher to Atheist},
	Url = {http://ffrf.org/legacy/books/lfif/?t=stone},
	Year = {1992},
	Bdsk-Url-1 = {http://ffrf.org/legacy/books/lfif/?t=stone}}

@misc{Wikipedia:2015ac,
	Annote = {"[Online; accessed 01-Oct-2013]},
	Author = {Wikipedia},
	Date-Added = {2015-06-09 15:23:50 +0000},
	Date-Modified = {2015-06-09 15:23:50 +0000},
	Title = {Pascal's {W}ager --- {W}ikipedia{,} The Free Encyclopedia},
	Url = {http://en.wikipedia.org/wiki/Pascal\%27s_Wager},
	Year = {2015},
	Bdsk-Url-1 = {http://en.wikipedia.org/wiki/Receptive_field}}

@book{geisler2004don,
	Author = {Geisler, Norman L and Turek, Frank},
	Date-Added = {2015-06-09 15:20:27 +0000},
	Date-Modified = {2015-06-09 15:20:27 +0000},
	Publisher = {Crossway},
	Title = {I Don't Have Enough Faith to Be an Atheist},
	Year = {2004}}

@url{Dawkins:aa,
	Author = {Richard Dawkins and Alister McGrath},
	Date-Added = {2015-06-09 15:20:16 +0000},
	Date-Modified = {2015-06-09 15:20:16 +0000},
	Title = {Richard {D}awkins vs {A}lister {M}c{G}rath},
	Url = {https://www.youtube.com/watch?v=vt95KHe6hUU},
	Urldate = {Mar 18, 2013},
	Bdsk-Url-1 = {https://www.youtube.com/watch?v=vt95KHe6hUU}}

@article{davies2007taking,
	Author = {Davies, Paul and Tempe, Ariz},
	Date-Added = {2015-06-09 15:20:05 +0000},
	Date-Modified = {2015-06-09 15:20:05 +0000},
	Journal = {New York Times},
	Title = {Taking science on faith},
	Year = {2007}}

@conference{Miller:2009aa,
	Author = {Kenneth Miller},
	Booktitle = {{J}ames {G}regory public lectures on science and religion},
	Date-Added = {2015-06-09 15:19:56 +0000},
	Date-Modified = {2015-06-09 15:19:56 +0000},
	Title = {Life: {C}reation or {E}volution?},
	Url = {https://www.youtube.com/watch?v=Sf9do_KDGh8},
	Year = {2009},
	Bdsk-Url-1 = {https://www.youtube.com/watch?v=Sf9do_KDGh8}}

@url{Spear:2013aa,
	Author = {Rich Spear},
	Date-Added = {2015-06-09 15:19:43 +0000},
	Date-Modified = {2015-06-09 15:19:43 +0000},
	Title = {Reason Blog - Isn't Faith Blind?},
	Url = {https://www.youtube.com/watch?v=UH8np-WBa_o},
	Urldate = {October 23},
	Year = {2013},
	Bdsk-Url-1 = {https://www.youtube.com/watch?v=UH8np-WBa_o}}

@book{jordaan2005decisions,
	Author = {Jordaan, Ian},
	Date-Added = {2015-06-09 15:19:31 +0000},
	Date-Modified = {2015-06-09 15:19:31 +0000},
	Publisher = {Cambridge University Press},
	Title = {Decisions under uncertainty: probabilistic analysis for engineering decisions},
	Year = {2005}}

@misc{Wikipedia:2015aa,
	Annote = {"[Online; accessed 01-Oct-2013]},
	Author = {Wikipedia},
	Date-Added = {2015-06-09 15:19:16 +0000},
	Date-Modified = {2015-06-09 15:19:16 +0000},
	Title = {Decision Theory --- {W}ikipedia{,} The Free Encyclopedia},
	Url = {http://en.wikipedia.org/wiki/Decision_theory},
	Year = {2015},
	Bdsk-Url-1 = {http://en.wikipedia.org/wiki/Receptive_field}}

@misc{Brierley:2014aa,
	Author = {Justin Brierley},
	Date-Added = {2015-06-09 15:19:06 +0000},
	Date-Modified = {2015-06-09 15:19:06 +0000},
	Day = {24},
	Full-Url = {http://www.premierchristianradio.com/Shows/Saturday/Unbelievable/Episodes/Peter-Boghossian-vs-Tim-McGrew-A-manual-for-creating-atheists},
	Howpublished = {Podcast},
	Month = {May},
	Read = {0},
	Title = {{P}eter {B}oghossian vs {T}im {M}c{G}rew - A manual for creating atheists},
	Url = {http://tinyurl.com/ogurmpm},
	Year = {2014},
	Bdsk-Url-1 = {http://tinyurl.com/ogurmpm}}

@misc{MerriamWebster2009,
	Author = {{Merriam-Webster Online}},
	Date-Added = {2015-06-09 15:18:52 +0000},
	Date-Modified = {2015-06-09 15:18:52 +0000},
	Keywords = {faith},
	Title = {{Merriam-Webster Online Dictionary}},
	Url = {http://www.merriam-webster.com},
	Year = 2009,
	Bdsk-Url-1 = {http://www.merriam-webster.com}}

@misc{Wikipedia:2015ab,
	Annote = {"[Online; accessed 01-Oct-2013]},
	Author = {Wikipedia},
	Date-Added = {2015-06-09 15:12:24 +0000},
	Date-Modified = {2015-06-09 15:12:24 +0000},
	Title = {Rule of Succession --- {W}ikipedia{,} The Free Encyclopedia},
	Url = {http://en.wikipedia.org/wiki/Rule_of_succession},
	Year = {2015},
	Bdsk-Url-1 = {http://en.wikipedia.org/wiki/Receptive_field}}

@book{Hume:1748aa,
	Author = {David Hume},
	Date-Added = {2015-06-09 14:59:40 +0000},
	Date-Modified = {2015-06-09 14:59:40 +0000},
	Note = {Chapter on Cause Effect},
	Title = {Philosophical {E}ssays {C}oncerning {H}uman {U}nderstanding},
	Year = {1748}}

@misc{Brierley:2014ab,
	Author = {Justin Brierley},
	Date-Added = {2015-06-09 14:59:24 +0000},
	Date-Modified = {2015-06-09 14:59:24 +0000},
	Day = {30},
	Full-Url = {http://www.premierchristianradio.com/Shows/Saturday/Unbelievable/Episodes/Unbelievable-Is-our-universe-more-likely-on-atheism-or-theism-Calum-Miller-vs-James-Croft},
	Howpublished = {Podcast},
	Month = {August},
	Read = {0},
	Title = {Is our universe more likely on atheism or theism? {C}alum {M}iller vs {J}ames {C}roft},
	Url = {http://tinyurl.com/nxbqoxm},
	Year = {2014},
	Bdsk-Url-1 = {http://tinyurl.com/ogurmpm}}

@book{sagandemon,
	Author = {Sagan, Carl},
	Date-Added = {2015-06-09 14:18:12 +0000},
	Date-Modified = {2015-06-09 14:18:12 +0000},
	Publisher = {Random House LLC},
	Title = {Demon-Haunted World: Science as a Candle in the Dark},
	Year = {1996}}

@article{gould1981evolution,
	Author = {Gould, Stephen Jay},
	Date-Added = {2015-06-09 14:18:02 +0000},
	Date-Modified = {2015-06-09 14:18:02 +0000},
	Journal = {Discover},
	Number = {5},
	Pages = {34--37},
	Title = {Evolution as fact and theory},
	Volume = {2},
	Year = {1981}}

@article{fine2003plato,
	Author = {Fine, Gail},
	Date-Added = {2015-06-09 14:17:53 +0000},
	Date-Modified = {2015-06-09 14:17:53 +0000},
	Title = {Plato on knowledge and forms: selected essays},
	Year = {2003}}

@article{jefferys1991sharpening,
	Author = {Jefferys, William H and Berger, James O},
	Date-Added = {2015-06-09 14:17:41 +0000},
	Date-Modified = {2015-06-09 14:43:07 +0000},
	Journal = {Dept. Statistics, Purdue Univ., West Lafayette, IN, Tech. Rep},
	Title = {Sharpening Ockhams razor on a Bayesian strop},
	Year = {1991},
	Bdsk-File-1 = {YnBsaXN0MDDUAQIDBAUGJCVYJHZlcnNpb25YJG9iamVjdHNZJGFyY2hpdmVyVCR0b3ASAAGGoKgHCBMUFRYaIVUkbnVsbNMJCgsMDxJXTlMua2V5c1pOUy5vYmplY3RzViRjbGFzc6INDoACgAOiEBGABIAFgAdccmVsYXRpdmVQYXRoWWFsaWFzRGF0YW8QdgAuAC4ALwAuAC4ALwAuAC4ALwAuAC4ALwAuAC4ALwBEAG8AYwB1AG0AZQBuAHQAcwAvAEIAaQBiAEQAZQBzAGsAIABBAHIAdABpAGMAbABlAHMALwAxADkAOQAxAC0ASgBlAGYAZgBlAHIAeQBzAC4AVwA7AEIAZQByAGcAZQByAC4ASgAtAFMAaABhAHIAcABlAG4AaQBuAGcAIABPAGMAawBoAGEAbQCSAHMAIAByAGEAegBvAHIAIABvAG4AIABhACAAQgBhAHkAZQBzAGkAYQBuACAAcwB0AHIAbwBwAC0ALgAuAHAAZABm0hcLGBlXTlMuZGF0YU8RAngAAAAAAngAAgAADE1hY2ludG9zaCBIRAAAAAAAAAAAAAAAAAAAAM/T8oZIKwAAABLNkB8xOTkxLUplZmZlcnlzLlc7QmVyZyMxMkNGODEucGRmAAAAAAAAAAAAAAAAAAAAAAAAAAAAAAAAAAAAAAAAAAAAEs+BzdchoAAAAAAAAAAAAAUAAwAACSAAAAAAAAAAAAAAAAAAAAAQQmliRGVzayBBcnRpY2xlcwAQAAgAAM/UKsYAAAARAAgAAM3XWeAAAAABABAAEs2QAAkzqwAJM6oAAmb5AAIAWE1hY2ludG9zaCBIRDpVc2VyczoAYmJsYWlzOgBEb2N1bWVudHM6AEJpYkRlc2sgQXJ0aWNsZXM6ADE5OTEtSmVmZmVyeXMuVztCZXJnIzEyQ0Y4MS5wZGYADgCaAEwAMQA5ADkAMQAtAEoAZQBmAGYAZQByAHkAcwAuAFcAOwBCAGUAcgBnAGUAcgAuAEoALQBTAGgAYQByAHAAZQBuAGkAbgBnACAATwBjAGsAaABhAG0AkgBzACAAcgBhAHoAbwByACAAbwBuACAAYQAgAEIAYQB5AGUAcwBpAGEAbgAgAHMAdAByAG8AcAAtAC4ALgBwAGQAZgAPABoADABNAGEAYwBpAG4AdABvAHMAaAAgAEgARAASAHVVc2Vycy9iYmxhaXMvRG9jdW1lbnRzL0JpYkRlc2sgQXJ0aWNsZXMvMTk5MS1KZWZmZXJ5cy5XO0Jlcmdlci5KLVNoYXJwZW5pbmcgT2NraGFtwpJzIHJhem9yIG9uIGEgQmF5ZXNpYW4gc3Ryb3AtLi5wZGYAABMAAS8AABUAAgAN//8AAIAG0hscHR5aJGNsYXNzbmFtZVgkY2xhc3Nlc11OU011dGFibGVEYXRhox0fIFZOU0RhdGFYTlNPYmplY3TSGxwiI1xOU0RpY3Rpb25hcnmiIiBfEA9OU0tleWVkQXJjaGl2ZXLRJidUcm9vdIABAAgAEQAaACMALQAyADcAQABGAE0AVQBgAGcAagBsAG4AcQBzAHUAdwCEAI4BfQGCAYoEBgQIBA0EGAQhBC8EMwQ6BEMESARVBFgEagRtBHIAAAAAAAACAQAAAAAAAAAoAAAAAAAAAAAAAAAAAAAEdA==}}

@book{Blais:2014aa,
	Address = {http://tinyurl.com/sie-bblais},
	Author = {B.S. Blais},
	Date-Added = {2015-06-09 14:17:30 +0000},
	Date-Modified = {2015-06-09 14:17:30 +0000},
	Publisher = {printed by Createspace},
	Title = {Statistical Inference for Everyone},
	Year = {2014}}

@book{laplace1825philosophical,
	Author = {Laplace, Pierre-Simon},
	Date-Added = {2015-06-09 14:17:18 +0000},
	Date-Modified = {2015-06-09 14:17:18 +0000},
	Keywords = {bayes},
	Publisher = {Dover Publications},
	Title = {Philosophical essay on probabilities},
	Year = {1814 English Edition 1951},
	Bdsk-File-1 = {YnBsaXN0MDDUAQIDBAUGJCVYJHZlcnNpb25YJG9iamVjdHNZJGFyY2hpdmVyVCR0b3ASAAGGoKgHCBMUFRYaIVUkbnVsbNMJCgsMDxJXTlMua2V5c1pOUy5vYmplY3RzViRjbGFzc6INDoACgAOiEBGABIAFgAdccmVsYXRpdmVQYXRoWWFsaWFzRGF0YV8Qai4uLy4uLy4uLy4uLy4uL0RvY3VtZW50cy9CaWJEZXNrIEFydGljbGVzLzE5OTgtTGFwbGFjZS5QO0RhbGUuQS1QaGlsb3NvcGhpY2FsIGVzc2F5IG9uIHByb2JhYmlsaXRpZXMtLi5wZGbSFwsYGVdOUy5kYXRhTxECUgAAAAACUgACAAAMTWFjaW50b3NoIEhEAAAAAAAAAAAAAAAAAAAAz9PyhkgrAAAAEs2QHzE5OTgtTGFwbGFjZS5QO0RhbGUuIzEyQ0ZGRS5wZGYAAAAAAAAAAAAAAAAAAAAAAAAAAAAAAAAAAAAAAAAAAAASz/7LYw4tAAAAAAAAAAAABQADAAAJIAAAAAAAAAAAAAAAAAAAABBCaWJEZXNrIEFydGljbGVzABAACAAAz9QqxgAAABEACAAAy2NUfQAAAAEAEAASzZAACTOrAAkzqgACZvkAAgBYTWFjaW50b3NoIEhEOlVzZXJzOgBiYmxhaXM6AERvY3VtZW50czoAQmliRGVzayBBcnRpY2xlczoAMTk5OC1MYXBsYWNlLlA7RGFsZS4jMTJDRkZFLnBkZgAOAIIAQAAxADkAOQA4AC0ATABhAHAAbABhAGMAZQAuAFAAOwBEAGEAbABlAC4AQQAtAFAAaABpAGwAbwBzAG8AcABoAGkAYwBhAGwAIABlAHMAcwBhAHkAIABvAG4AIABwAHIAbwBiAGEAYgBpAGwAaQB0AGkAZQBzAC0ALgAuAHAAZABmAA8AGgAMAE0AYQBjAGkAbgB0AG8AcwBoACAASABEABIAaFVzZXJzL2JibGFpcy9Eb2N1bWVudHMvQmliRGVzayBBcnRpY2xlcy8xOTk4LUxhcGxhY2UuUDtEYWxlLkEtUGhpbG9zb3BoaWNhbCBlc3NheSBvbiBwcm9iYWJpbGl0aWVzLS4ucGRmABMAAS8AABUAAgAN//8AAIAG0hscHR5aJGNsYXNzbmFtZVgkY2xhc3Nlc11OU011dGFibGVEYXRhox0fIFZOU0RhdGFYTlNPYmplY3TSGxwiI1xOU0RpY3Rpb25hcnmiIiBfEA9OU0tleWVkQXJjaGl2ZXLRJidUcm9vdIABAAgAEQAaACMALQAyADcAQABGAE0AVQBgAGcAagBsAG4AcQBzAHUAdwCEAI4A+wEAAQgDXgNgA2UDcAN5A4cDiwOSA5sDoAOtA7ADwgPFA8oAAAAAAAACAQAAAAAAAAAoAAAAAAAAAAAAAAAAAAADzA==}}

@book{Jaynes2003,
	Address = {Cambridge},
	Author = {E. T. Jaynes},
	Date-Added = {2015-06-09 13:36:31 +0000},
	Date-Modified = {2015-06-09 13:36:31 +0000},
	Note = {Edited by G.~Larry Bretthorst},
	Publisher = {Cambridge University Press},
	Title = {Probability Theory: The Logic of Science},
	Year = 2003,
	Bdsk-File-1 = {YnBsaXN0MDDUAQIDBAUGJCVYJHZlcnNpb25YJG9iamVjdHNZJGFyY2hpdmVyVCR0b3ASAAGGoKgHCBMUFRYaIVUkbnVsbNMJCgsMDxJXTlMua2V5c1pOUy5vYmplY3RzViRjbGFzc6INDoACgAOiEBGABIAFgAdccmVsYXRpdmVQYXRoWWFsaWFzRGF0YV8QZS4uLy4uLy4uLy4uLy4uL0RvY3VtZW50cy9CaWJEZXNrIEFydGljbGVzLzIwMDMtSmF5bmVzLkUtUHJvYmFiaWxpdHkgVGhlb3J5IFRoZSBMb2dpYyBvZiBTY2llbmNlLS4ucGRm0hcLGBlXTlMuZGF0YU8RAkQAAAAAAkQAAgAADE1hY2ludG9zaCBIRAAAAAAAAAAAAAAAAAAAAM/T8oZIKwAAABLNkB8yMDAzLUpheW5lcy5FLVByb2JhYiMxMkQwQTcucGRmAAAAAAAAAAAAAAAAAAAAAAAAAAAAAAAAAAAAAAAAAAAAEtCnyR7iQQAAAAAAAAAAAAUAAwAACSAAAAAAAAAAAAAAAAAAAAAQQmliRGVzayBBcnRpY2xlcwAQAAgAAM/UKsYAAAARAAgAAMkfKJEAAAABABAAEs2QAAkzqwAJM6oAAmb5AAIAWE1hY2ludG9zaCBIRDpVc2VyczoAYmJsYWlzOgBEb2N1bWVudHM6AEJpYkRlc2sgQXJ0aWNsZXM6ADIwMDMtSmF5bmVzLkUtUHJvYmFiIzEyRDBBNy5wZGYADgB4ADsAMgAwADAAMwAtAEoAYQB5AG4AZQBzAC4ARQAtAFAAcgBvAGIAYQBiAGkAbABpAHQAeQAgAFQAaABlAG8AcgB5ACAAVABoAGUAIABMAG8AZwBpAGMAIABvAGYAIABTAGMAaQBlAG4AYwBlAC0ALgAuAHAAZABmAA8AGgAMAE0AYQBjAGkAbgB0AG8AcwBoACAASABEABIAY1VzZXJzL2JibGFpcy9Eb2N1bWVudHMvQmliRGVzayBBcnRpY2xlcy8yMDAzLUpheW5lcy5FLVByb2JhYmlsaXR5IFRoZW9yeSBUaGUgTG9naWMgb2YgU2NpZW5jZS0uLnBkZgAAEwABLwAAFQACAA3//wAAgAbSGxwdHlokY2xhc3NuYW1lWCRjbGFzc2VzXU5TTXV0YWJsZURhdGGjHR8gVk5TRGF0YVhOU09iamVjdNIbHCIjXE5TRGljdGlvbmFyeaIiIF8QD05TS2V5ZWRBcmNoaXZlctEmJ1Ryb290gAEACAARABoAIwAtADIANwBAAEYATQBVAGAAZwBqAGwAbgBxAHMAdQB3AIQAjgD2APsBAwNLA00DUgNdA2YDdAN4A38DiAONA5oDnQOvA7IDtwAAAAAAAAIBAAAAAAAAACgAAAAAAAAAAAAAAAAAAAO5}}

@article{howard2013propositional,
	Author = {Howard-Snyder, Daniel},
	Date-Added = {2015-06-09 13:36:09 +0000},
	Date-Modified = {2015-06-09 13:36:09 +0000},
	Title = {Propositional faith: What it is and what it is not},
	Year = {2013},
	Bdsk-File-1 = {YnBsaXN0MDDUAQIDBAUGJCVYJHZlcnNpb25YJG9iamVjdHNZJGFyY2hpdmVyVCR0b3ASAAGGoKgHCBMUFRYaIVUkbnVsbNMJCgsMDxJXTlMua2V5c1pOUy5vYmplY3RzViRjbGFzc6INDoACgAOiEBGABIAFgAdccmVsYXRpdmVQYXRoWWFsaWFzRGF0YV8Qdy4uLy4uLy4uLy4uLy4uL0RvY3VtZW50cy9CaWJEZXNrIEFydGljbGVzLzIwMTMtSG93YXJkLVNueWRlci5ELVByb3Bvc2l0aW9uYWwgZmFpdGggV2hhdCBpdCBpcyBhbmQgd2hhdCBpdCBpcyBub3QtYS0ucGRm0hcLGBlXTlMuZGF0YU8RAnoAAAAAAnoAAgAADE1hY2ludG9zaCBIRAAAAAAAAAAAAAAAAAAAAM/T8oZIKwAAABLNkB8yMDEzLUhvd2FyZC1TbnlkZXIuRCNDNTBFQTMucGRmAAAAAAAAAAAAAAAAAAAAAAAAAAAAAAAAAAAAAAAAAAAAxQ6j0NmFdQAAAAAAAAAAAAUAAwAACSAAAAAAAAAAAAAAAAAAAAAQQmliRGVzayBBcnRpY2xlcwAQAAgAAM/UKsYAAAARAAgAANDZy8UAAAABABAAEs2QAAkzqwAJM6oAAmb5AAIAWE1hY2ludG9zaCBIRDpVc2VyczoAYmJsYWlzOgBEb2N1bWVudHM6AEJpYkRlc2sgQXJ0aWNsZXM6ADIwMTMtSG93YXJkLVNueWRlci5EI0M1MEVBMy5wZGYADgCcAE0AMgAwADEAMwAtAEgAbwB3AGEAcgBkAC0AUwBuAHkAZABlAHIALgBEAC0AUAByAG8AcABvAHMAaQB0AGkAbwBuAGEAbAAgAGYAYQBpAHQAaAAgAFcAaABhAHQAIABpAHQAIABpAHMAIABhAG4AZAAgAHcAaABhAHQAIABpAHQAIABpAHMAIABuAG8AdAAtAGEALQAuAHAAZABmAA8AGgAMAE0AYQBjAGkAbgB0AG8AcwBoACAASABEABIAdVVzZXJzL2JibGFpcy9Eb2N1bWVudHMvQmliRGVzayBBcnRpY2xlcy8yMDEzLUhvd2FyZC1TbnlkZXIuRC1Qcm9wb3NpdGlvbmFsIGZhaXRoIFdoYXQgaXQgaXMgYW5kIHdoYXQgaXQgaXMgbm90LWEtLnBkZgAAEwABLwAAFQACAA3//wAAgAbSGxwdHlokY2xhc3NuYW1lWCRjbGFzc2VzXU5TTXV0YWJsZURhdGGjHR8gVk5TRGF0YVhOU09iamVjdNIbHCIjXE5TRGljdGlvbmFyeaIiIF8QD05TS2V5ZWRBcmNoaXZlctEmJ1Ryb290gAEACAARABoAIwAtADIANwBAAEYATQBVAGAAZwBqAGwAbgBxAHMAdQB3AIQAjgEIAQ0BFQOTA5UDmgOlA64DvAPAA8cD0APVA+ID5QP3A/oD/wAAAAAAAAIBAAAAAAAAACgAAAAAAAAAAAAAAAAAAAQB}}

@article{swinburne2003resurrection,
	Author = {Swinburne, Richard},
	Date-Added = {2015-06-09 13:35:42 +0000},
	Date-Modified = {2015-06-09 13:35:42 +0000},
	Title = {The resurrection of God incarnate},
	Year = {2003},
	Bdsk-File-1 = {YnBsaXN0MDDUAQIDBAUGJCVYJHZlcnNpb25YJG9iamVjdHNZJGFyY2hpdmVyVCR0b3ASAAGGoKgHCBMUFRYaIVUkbnVsbNMJCgsMDxJXTlMua2V5c1pOUy5vYmplY3RzViRjbGFzc6INDoACgAOiEBGABIAFgAdccmVsYXRpdmVQYXRoWWFsaWFzRGF0YV8QYy4uLy4uLy4uLy4uLy4uL0RvY3VtZW50cy9CaWJEZXNrIEFydGljbGVzLzIwMDMtU3dpbmJ1cm5lLlItVGhlIHJlc3VycmVjdGlvbiBvZiBHb2QgaW5jYXJuYXRlLWEtLnBkZtIXCxgZV05TLmRhdGFPEQI+AAAAAAI+AAIAAAxNYWNpbnRvc2ggSEQAAAAAAAAAAAAAAAAAAADP0/KGSCsAAAASzZAfMjAwMy1Td2luYnVybmUuUi1UaGUjQzUxMzc1LnBkZgAAAAAAAAAAAAAAAAAAAAAAAAAAAAAAAAAAAAAAAAAAAMUTddDZhcsAAAAAAAAAAAAFAAMAAAkgAAAAAAAAAAAAAAAAAAAAEEJpYkRlc2sgQXJ0aWNsZXMAEAAIAADP1CrGAAAAEQAIAADQ2cwbAAAAAQAQABLNkAAJM6sACTOqAAJm+QACAFhNYWNpbnRvc2ggSEQ6VXNlcnM6AGJibGFpczoARG9jdW1lbnRzOgBCaWJEZXNrIEFydGljbGVzOgAyMDAzLVN3aW5idXJuZS5SLVRoZSNDNTEzNzUucGRmAA4AdAA5ADIAMAAwADMALQBTAHcAaQBuAGIAdQByAG4AZQAuAFIALQBUAGgAZQAgAHIAZQBzAHUAcgByAGUAYwB0AGkAbwBuACAAbwBmACAARwBvAGQAIABpAG4AYwBhAHIAbgBhAHQAZQAtAGEALQAuAHAAZABmAA8AGgAMAE0AYQBjAGkAbgB0AG8AcwBoACAASABEABIAYVVzZXJzL2JibGFpcy9Eb2N1bWVudHMvQmliRGVzayBBcnRpY2xlcy8yMDAzLVN3aW5idXJuZS5SLVRoZSByZXN1cnJlY3Rpb24gb2YgR29kIGluY2FybmF0ZS1hLS5wZGYAABMAAS8AABUAAgAN//8AAIAG0hscHR5aJGNsYXNzbmFtZVgkY2xhc3Nlc11OU011dGFibGVEYXRhox0fIFZOU0RhdGFYTlNPYmplY3TSGxwiI1xOU0RpY3Rpb25hcnmiIiBfEA9OU0tleWVkQXJjaGl2ZXLRJidUcm9vdIABAAgAEQAaACMALQAyADcAQABGAE0AVQBgAGcAagBsAG4AcQBzAHUAdwCEAI4A9AD5AQEDQwNFA0oDVQNeA2wDcAN3A4ADhQOSA5UDpwOqA68AAAAAAAACAQAAAAAAAAAoAAAAAAAAAAAAAAAAAAADsQ==}}

@book{swinburne2004existence,
	Author = {Swinburne, R.},
	Date-Added = {2015-06-09 13:35:42 +0000},
	Date-Modified = {2015-06-09 13:35:42 +0000},
	Isbn = {9780199271672},
	Lccn = {2004555474},
	Publisher = {Clarendon Press},
	Title = {The Existence of God},
	Url = {http://books.google.com/books?id=qL-GWmeSXCQC},
	Year = {2004},
	Bdsk-File-1 = {YnBsaXN0MDDUAQIDBAUGJCVYJHZlcnNpb25YJG9iamVjdHNZJGFyY2hpdmVyVCR0b3ASAAGGoKgHCBMUFRYaIVUkbnVsbNMJCgsMDxJXTlMua2V5c1pOUy5vYmplY3RzViRjbGFzc6INDoACgAOiEBGABIAFgAdccmVsYXRpdmVQYXRoWWFsaWFzRGF0YV8QVS4uLy4uLy4uLy4uLy4uL0RvY3VtZW50cy9CaWJEZXNrIEFydGljbGVzLzIwMDQtU3dpbmJ1cm5lLlItVGhlIEV4aXN0ZW5jZSBvZiBHb2QtLi5wZGbSFwsYGVdOUy5kYXRhTxECFAAAAAACFAACAAAMTWFjaW50b3NoIEhEAAAAAAAAAAAAAAAAAAAAz9PyhkgrAAAAEs2QHzIwMDQtU3dpbmJ1cm5lLlItVGhlIzEyRDBDMS5wZGYAAAAAAAAAAAAAAAAAAAAAAAAAAAAAAAAAAAAAAAAAAAAS0MHMWviOAAAAAAAAAAAABQADAAAJIAAAAAAAAAAAAAAAAAAAABBCaWJEZXNrIEFydGljbGVzABAACAAAz9QqxgAAABEACAAAzFswzgAAAAEAEAASzZAACTOrAAkzqgACZvkAAgBYTWFjaW50b3NoIEhEOlVzZXJzOgBiYmxhaXM6AERvY3VtZW50czoAQmliRGVzayBBcnRpY2xlczoAMjAwNC1Td2luYnVybmUuUi1UaGUjMTJEMEMxLnBkZgAOAFgAKwAyADAAMAA0AC0AUwB3AGkAbgBiAHUAcgBuAGUALgBSAC0AVABoAGUAIABFAHgAaQBzAHQAZQBuAGMAZQAgAG8AZgAgAEcAbwBkAC0ALgAuAHAAZABmAA8AGgAMAE0AYQBjAGkAbgB0AG8AcwBoACAASABEABIAU1VzZXJzL2JibGFpcy9Eb2N1bWVudHMvQmliRGVzayBBcnRpY2xlcy8yMDA0LVN3aW5idXJuZS5SLVRoZSBFeGlzdGVuY2Ugb2YgR29kLS4ucGRmAAATAAEvAAAVAAIADf//AACABtIbHB0eWiRjbGFzc25hbWVYJGNsYXNzZXNdTlNNdXRhYmxlRGF0YaMdHyBWTlNEYXRhWE5TT2JqZWN00hscIiNcTlNEaWN0aW9uYXJ5oiIgXxAPTlNLZXllZEFyY2hpdmVy0SYnVHJvb3SAAQAIABEAGgAjAC0AMgA3AEAARgBNAFUAYABnAGoAbABuAHEAcwB1AHcAhACOAOYA6wDzAwsDDQMSAx0DJgM0AzgDPwNIA00DWgNdA28DcgN3AAAAAAAAAgEAAAAAAAAAKAAAAAAAAAAAAAAAAAAAA3k=},
	Bdsk-Url-1 = {http://books.google.com/books?id=qL-GWmeSXCQC}}
